@Article{pmid18027815,
   Author="Martínez, H.  and Rodríguez-Larralde, A.  and Izaguirre, M. H.  and De Guerra, D. C. ",
   Title="{{A}dmixture estimates for {C}aracas, {V}enezuela, based on autosomal, {Y}-chromosome, and mt{D}{N}{A} markers}",
   Journal="Hum Biol",
   Year="2007",
   Volume="79",
   Number="2",
   Pages="201--213"
}

@Article{pmid30845922,
   Author="Gaspar, H. A.  and Breen, G. ",
   Title="{{P}robabilistic ancestry maps: a method to assess and visualize population substructures in genetics}",
   Journal="BMC Bioinformatics",
   Year="2019",
   Volume="20",
   Number="1",
   Pages="116"
}


@Article{pmid20683484,
   Author="Kalinowski, S. T. ",
   Title="{{T}he computer program {S}{T}{R}{U}{C}{T}{U}{R}{E} does not reliably identify the main genetic clusters within species: simulations and implications for human population structure}",
   Journal="Heredity",
   Year="2011",
   Volume="106",
   Number="4",
   Pages="625--632"
}
@Article{Zhou2015,
   Author="Zou, J. Y.  and Halperin, E.  and Burchard, E.  and Sankararaman, S. ",
   Title="{{I}nferring parental genomic ancestries using pooled semi-{M}arkov processes}",
   Journal="Bioinformatics",
   Year="2015",
   Volume="31",
   Number="12",
   Pages="i190--196",
   Month="Jun"
}

@Article{Crouch2012,
   Author="Crouch, D. J.  and Weale, M. E. ",
   Title="{{I}nferring separate parental admixture components in unknown {D}{N}{A} samples using autosomal {S}{N}{P}s}",
   Journal="Eur. J. Hum. Genet.",
   Year="2012",
   Volume="20",
   Pages="1283--1289"
}

@Article{Pei2020,
   Author="Pei, J.  and Zhang, Y.  and Nielsen, R.  and Wu, Y. ",
   Title="{{I}nferring the ancestry of parents and grandparents from genetic data}",
   Journal="PLoS Comput. Biol.",
   Year="2020",
   Volume="16",
   Pages="e1008065"
}

@Article{pmid28470205,
   Author="Staubach, F. ",
   Title="{{G}ermany: {N}ote limitations of {D}{N}{A} legislation}",
   Journal="Nature",
   Year="2017",
   Volume="545",
   Number="7652",
   Pages="30"
}

@Article{Fawcett2006,
   Author="T. Fawcett",
   Title="{An introduction to ROC analysis}",
   journal="Pattern Recognition Letters",
   Year="2006",
   Volume="27",
   Pages="861--874"
}

@Article{Chakraborty1986,
   Author="R. Chakraborty",
   Title="{Gene Admixture in Human Populations: Models and Predictions}",
   journal="Yearbook of Physical Anthropology",
   Year="1986",
   Volume="29",
   Pages="1--43"
}

@Article{Hanis1986,
   Author="C. L. Hanis and R. Chakraborty and R. E. Ferrell and W. J. Schull",
   Title="{Individual Admixture Estimates: Disease Associations and Individual Risk of Diabetes and Gallbladder Disease Among Mexican-Americans in Starr County, Texas}",
   journal="American Journal of Physical Anthropology",
   Year="1986",
   Volume="70",
   Pages="433--441"
}

@Article{Eduardoff2016,
   Author="M. Eduardoff and T. E. Gross and C. Santos and M. de la Puente and D. Ballard and C. Strobl and C. Børsting and N. Morling and L. Fusco and C. Hussing and B. Egyed and L. Souto and J. Uacyisrael and D- Syndercombe Court and A Carracedo and M. V. Lareu and P. M. Schneider and W. Parson and C. Phillips and EUROFORGEN-NoE Consortium and W. Parson and C. Phillips",
   Title="{Inter-laboratory evaluation of the EUROFORGEN Global ancestry-informative SNP panel by massively parallel sequencing using the Ion PGM™}",
   journal="Forensic Science International. Genetics",
   Year="2016",
   Volume="23",
   Pages="178--189"
}

@Article{Pfaffelhuber2019,
   Author="P. Pfaffelhuber and F. Grundner-Culemann and V. Lipphardt and F. Baumdicker",
   Title="{How to choose sets of ancestry informative markers: A supervised feature selection approach}",
   journal="Forensic Science International. Genetics",
   Year="2020",
   Volume="46",
   Pages="102259"
}

@misc{1000Gconsentsheet,
 author = {1000 Genomes Project Consortium},
 title = {1000 Genomes Project: Developing a Research Resource for Studies of Human Genetic Variation. CONSENT TO PARTICIPATE},
 note = "\url{https://www.internationalgenome.org/sites/1000genomes.org/files/docs/Informed%20Consent%20Form%20Template.pdf}, download 26.8.2020."
}

@Article{Tang2005,
author="H. Tang and J. Peng and P. Wang and N. Risch",
title="Estimation of Individual Admixture: Analytical and Study Design Considerations.",
journal="Genet Epidemiol.",
year="2005",
volume="28",
pages="289--301"
}

@Article{Alexander2009,
author="D. H. Alexander and J. Novembre and K. Lange",
title="Fast model-based estimation of ancestry in unrelated individuals",
journal="Genome Research",
year="2009",
volume="19",
pages="1655--1664"
}

@Article{Kidd2017,
author="K. Kidd and U. Soundararajana and H. Rajeevana and A. J. Pakstisa and K. N. Moorec and J. D. Ropero-Millerc",
title="The redesigned Forensic Research/Reference on Genetics-knowledge base, FROG-kb",
journal="Forensic Science International. Genetics",
year="2017",
volume="33",
pages="33--37"
}

@Article{Wahlund1928,
author="S. Wahlund",
title="{Z}usammensetzung von {P}opulationen und {K}orrelationserscheinungen vom {S}tandpunkt der {V}ererbungslehre aus betrachtet",
journal="Hereditas",
year="1928",
volume="11",
pages="65--106"
}

@Article{Prestes2016,
author="P. R. Prestes and R. J. Mitchell and R. Daniel and J. J. Sanchez and R. A.H. van Oorschot",
title="Predicting biogeographical ancestry in admixed individuals -- values and limitations of using uniparental and autosomal markers",
journal="Australian Journal of Forensic Sciences ",
year="2015",
volume="48",
pages="10--23"
}

@Article{Cheung2018,
author="Cheung, Elaine Y. Y.
and Gahan, Michelle Elizabeth
and McNevin, Dennis",
title="Prediction of biogeographical ancestry in admixed individuals.",
journal="Forensic Science International. Genetics",
year="2018",
xxxmonth="Sep",
day="28",
volume="36",
pages="104--111"
}

@Article{McNevin2019,
author="D. McNevin",
title="Forensic inference of biogeographical ancestry from genotype: The Genetic Ancestry Lab",
journal="WIREs Forensic Science",
year="2019",
volume="e1356",
pages="1--26"
}

@Article{Tvedebrink2019,
author="T. Tvedebrink and P. S. Eriksen",
title="Inference of admixed ancestry with Ancestry Informative Markers",
journal="Forensic Science International. Genetics",
year="2019",
volume="42",
pages="147--153"
}

@Article{Tvedebrink2018a,
author="T. Tvedebrink and P. S. Eriksen and H. S. Mogensen and N. Morling",
title="GenoGeographer -- A tool for genogeographic inference",
journal="Forensic Science International: Genetics Supplement Series",
year="2018a",
volume="6",
pages="e463--e465"
}

@Article{Tvedebrink2018,
author="T. Tvedebrink and P. S. Eriksen and H. S. Mogensen and N. Morling",
title="Weight of the evidence of genetic investigations of ancestry informative markers",
journal="Theoretical Population Biology",
year="2018",
volume="120",
pages="1--10"
}

@Book{Stoneking2017,
 author	= {M. Stoneking},
 title		= {An introduction to molecular anthropology},
 publisher	= {Wiley, New York},
 year		= 2017
}

@misc{patent,
  title={Compositions and methods for inferring ancestry},
  author={T. N. Frudakis and M. D. Shriver},
  note = "\url{https://patentimages.storage.googleapis.com/dd/3c/d7/75365f60149c53/US20040229231A1.pdf}, US Patent 0229231 A1",
  year={2004},
  publisher={United States Patent Application Publication},
}


@Article{Zoellner2005,
author="Z{\"o}llner, Sebastian
and Pritchard, Jonathan K.",
title="Coalescent-based association mapping and fine mapping of complex trait loci.",
journal="Genetics",
year="2005",
volume="169",
number="2",
pages="1071--1092"
}

@Article{Drummond2005,
author="Drummond, A. J.
and Rambaut, A.
and Shapiro, B.
and Pybus, O. G.",
title="Bayesian coalescent inference of past population dynamics from molecular sequences.",
journal="Molecular biology and evolution",
year="2005",
volume="22",
number="5",
pages="1185--1192"
}



@Book{Wakeley2008,
 author	= {Wakeley, J.},
 title		= {Coalescent Theory: An Introduction},
 publisher	= {Roberts \& Company},
 year		= 2008
}

@Article{Cheung2019,
author="E. Cheung 
and C. Phillipps 
and M. Eduardoff 
and M. Victoria Lareu 
and D. McNevin",
title="Performance of ancestry-informative {SNP} and microhaplotype markers.",
journal="Forensic Science International. Genetics",
year="2019",
volume = " (in press)",
pages = "1--10"
}

@Article{Zhao2019,
author="Zhao, Shilei
and Shi, Cheng-Min
and Ma, Liang
and Liu, Qi
and Liu, Yongming
and Wu, Fuquan
and Chi, Lianjiang
and Chen, Hua",
title="{AIM-SNPtag: A computationally efficient approach for developing ancestry-informative {SNP} panels.}",
journal="Forensic Science International. Genetics",
year="2019",
xxxmonth="Jan",
day="02",
volume="38",
pages="245--253"
}


@misc{Thermofisher2016,
   Author="ThermoFisher",
   Title="{Precision ID Ancestry Panel}",
   Journal="Genome Biology and Evolution",
   Year="2016",
   note = "\url{https://www.thermofisher.com/content/dam/LifeTech/Document}, download 8.8.2019"
}

@Article{McManus2017,
author="McManus, Kimberly F.
and Taravella, Angela M.
and Henn, Brenna M.
and Bustamante, Carlos D.
and Sikora, Martin
and Cornejo, Omar E.",
title="Population genetic analysis of the {DARC} locus ({Duffy}) reveals adaptation from standing variation associated with malaria resistance in humans.",
journal="PLoS Genetics",
year="2017",
xxxmonth="Mar",
day="10",
volume="13",
number="3",
pages="e1006560",
keywords="Africa",
keywords="Alleles",
keywords="Animals",
keywords="Asia",
keywords="Disease Resistance",
keywords="Duffy Blood-Group System",
keywords="Gene Frequency",
keywords="Genetics, Population",
keywords="Genome, Human",
keywords="Geography",
keywords="Gorilla gorilla",
keywords="Haplotypes",
keywords="Humans",
keywords="Malaria, Vivax",
keywords="Mutation",
keywords="Pan paniscus",
keywords="Pan troglodytes",
keywords="Polymorphism, Single Nucleotide",
keywords="Pongo",
keywords="Promoter Regions, Genetic",
keywords="Receptors, Cell Surface",
abstract="The human DARC (Duffy antigen receptor for chemokines) gene encodes a membrane-bound chemokine receptor crucial for the infection of red blood cells by Plasmodium vivax, a major causative agent of malaria. Of the three major allelic classes segregating in human populations, the FY*O allele has been shown to protect against P. vivax infection and is at near fixation in sub-Saharan Africa, while FY*B and FY*A are common in Europe and Asia, respectively. Due to the combination of strong geographic differentiation and association with malaria resistance, DARC is considered a canonical example of positive selection in humans. Despite this, details of the timing and mode of selection at DARC remain poorly understood. Here, we use sequencing data from over 1,000 individuals in twenty-one human populations, as well as ancient human genomes, to perform a fine-scale investigation of the evolutionary history of DARC. We estimate the time to most recent common ancestor (TMRCA) of the most common FY*O haplotype to be 42 kya (95\% CI: 34-49 kya). We infer the FY*O null mutation swept to fixation in Africa from standing variation with very low initial frequency (0.1\%) and a selection coefficient of 0.043 (95\% CI:0.011-0.18), which is among the strongest estimated in the human genome. We estimate the TMRCA of the FY*A mutation in non-Africans to be 57 kya (95\% CI: 48-65 kya) and infer that, prior to the sweep of FY*O, all three alleles were segregating in Africa, as highly diverged populations from Asia and ?Khomani San hunter-gatherers share the same FY*A haplotypes. We test multiple models of admixture that may account for this observation and reject recent Asian or European admixture as the cause.",
issn="1553-7404",
doi="10.1371/journal.pgen.1006560",
url="http://www.ncbi.nlm.nih.gov/pubmed/28282382",
language="eng"
}

@Article{Jonnalagadda2019,
   Author="M. Jonnalagadda 
   and M. Faizan 
   and S. Ozarkar 
   and R. Ashma 
   and S. Kulkarni 
   and H. Norton 
   and E. Parra.",
   Title="{A Genome-Wide Association Study of Skin and Iris Pigmentation among Individuals of {South Asian} Ancestry}",
   Journal="Genome Biology and Evolution",
   Year="2019",
   Volume="11",
   Pages="1066--1076"
}

@Article{Stokowskia2007,
   Author="R. Stokowskia 
   and P.V. {Krishna Pant} 
   and T. Dadd 
   and A. Fereday 
   and D. Hinds 
   and C. Jarman 
   and W. Filsell 
   and R. Ginger 
   and M. Green 
   and F. J. van der Ouderaa 
   and D. R. Cox.",
   Title="{A Genomewide Association Study of Skin Pigmentation in a {South Asian} Population}",
   Journal="American Journal of Human Genetics",
   Year="2007",
   Volume="81",
   Pages="1119--1132"
}

@Article{Li2019,
   Author="Y. Li 
   and W. Zhao 
   and D. Li 
   and X. Tao 
   and Z. Xiong 
   and J. Liu 
   and W. Zhang 
   and A. Ji 
   and K. Tang 
   and F. Liu and C. Li",
   Title="{EDAR, LYPLAL1, PRDM16, PAX3, DKK1, TNFSF12, CACNA2D3, and SUPT3H gene variants influence facial morphology in a Eurasian population.}",
journal="Human Genetics",
   Year="2019",
   Volume="138",
   Pages="681--689"
}




@Article{Walsh2011,
author="Walsh, Susan
and Liu, Fan
and Ballantyne, Kaye N.
and van Oven, Mannis
and Lao, Oscar
and Kayser, Manfred",
title="IrisPlex: a sensitive {DNA} tool for accurate prediction of blue and brown eye colour in the absence of ancestry information.",
journal="Forensic Science International. Genetics",
year="2011",
xxxmonth="Jun",
day="27",
volume="5",
number="3",
pages="170--180",
keywords="Base Sequence",
keywords="DNA",
keywords="DNA Primers",
keywords="Eye Color",
keywords="Humans",
keywords="Reproducibility of Results",
abstract="A new era of 'DNA intelligence' is arriving in forensic biology, due to the impending ability to predict externally visible characteristics (EVCs) from biological material such as those found at crime scenes. EVC prediction from forensic samples, or from body parts, is expected to help concentrate police investigations towards finding unknown individuals, at times when conventional DNA profiling fails to provide informative leads. Here we present a robust and sensitive tool, termed IrisPlex, for the accurate prediction of blue and brown eye colour from DNA in future forensic applications. We used the six currently most eye colour-informative single nucleotide polymorphisms (SNPs) that previously revealed prevalence-adjusted prediction accuracies of over 90\% for blue and brown eye colour in 6168 Dutch Europeans. The single multiplex assay, based on SNaPshot chemistry and capillary electrophoresis, both widely used in forensic laboratories, displays high levels of genotyping sensitivity with complete profiles generated from as little as 31pg of DNA, approximately six human diploid cell equivalents. We also present a prediction model to correctly classify an individual's eye colour, via probability estimation solely based on DNA data, and illustrate the accuracy of the developed prediction test on 40 individuals from various geographic origins. Moreover, we obtained insights into the worldwide allele distribution of these six SNPs using the HGDP-CEPH samples of 51 populations. Eye colour prediction analyses from HGDP-CEPH samples provide evidence that the test and model presented here perform reliably without prior ancestry information, although future worldwide genotype and phenotype data shall confirm this notion. As our IrisPlex eye colour prediction test is capable of immediate implementation in forensic casework, it represents one of the first steps forward in the creation of a fully individualised EVC prediction system for future use in forensic DNA intelligence.",
issn="1878-0326",
doi="10.1016/j.fsigen.2010.02.004",
url="http://www.ncbi.nlm.nih.gov/pubmed/20457092",
language="eng"
}

@Article{Walsh2017,
author="Walsh, Susan
and Chaitanya, Lakshmi
and Breslin, Krystal
and Muralidharan, Charanya
and Bronikowska, Agnieszka
and Pospiech, Ewelina
and Koller, Julia
and Kovatsi, Leda
and Wollstein, Andreas
and Branicki, Wojciech
and Liu, Fan
and Kayser, Manfred",
title="Global skin colour prediction from {DNA}.",
journal="Human Genetics",
year="2017",
xxxmonth="Jul",
day="12",
volume="136",
number="7",
pages="847--863",
keywords="African Continental Ancestry Group",
keywords="DNA",
keywords="European Continental Ancestry Group",
keywords="Female",
keywords="Genetic Markers",
keywords="Genotype",
keywords="Genotyping Techniques",
keywords="Hair Color",
keywords="Humans",
keywords="Logistic Models",
keywords="Male",
keywords="Models, Genetic",
keywords="Models, Statistical",
keywords="Phenotype",
keywords="Polymorphism, Single Nucleotide",
keywords="Sensitivity and Specificity",
keywords="Skin Pigmentation",
abstract="Human skin colour is highly heritable and externally visible with relevance in medical, forensic, and anthropological genetics. Although eye and hair colour can already be predicted with high accuracies from small sets of carefully selected DNA markers, knowledge about the genetic predictability of skin colour is limited. Here, we investigate the skin colour predictive value of 77 single-nucleotide polymorphisms (SNPs) from 37 genetic loci previously associated with human pigmentation using 2025 individuals from 31 global populations. We identified a minimal set of 36 highly informative skin colour predictive SNPs and developed a statistical prediction model capable of skin colour prediction on a global scale. Average cross-validated prediction accuracies expressed as area under the receiver-operating characteristic curve (AUC) {\textpm} standard deviation were 0.97?{\textpm}?0.02 for Light, 0.83?{\textpm}?0.11 for Dark, and 0.96?{\textpm}?0.03 for Dark-Black. When using a 5-category, this resulted in 0.74?{\textpm}?0.05 for Very Pale, 0.72?{\textpm}?0.03 for Pale, 0.73?{\textpm}?0.03 for Intermediate, 0.87{\textpm}0.1 for Dark, and 0.97?{\textpm}?0.03 for Dark-Black. A comparative analysis in 194 independent samples from 17 populations demonstrated that our model outperformed a previously proposed 10-SNP-classifier approach with AUCs rising from 0.79 to 0.82 for White, comparable at the intermediate level of 0.63 and 0.62, respectively, and a large increase from 0.64 to 0.92 for Black. Overall, this study demonstrates that the chosen DNA markers and prediction model, particularly the 5-category level; allow skin colour predictions within and between continental regions for the first time, which will serve as a valuable resource for future applications in forensic and anthropologic genetics.",
issn="1432-1203",
doi="10.1007/s00439-017-1808-5",
url="http://www.ncbi.nlm.nih.gov/pubmed/28500464",
language="eng"
}

@Article{Chaitanya2018,
author="Chaitanya, Lakshmi
and Breslin, Krystal
and Zu{\~n}iga, Sofia
and Wirken, Laura
and Pospiech, Ewelina
and Kukla-Bartoszek, Magdalena
and Sijen, Titia
and Knijff, Peter de
and Liu, Fan
and Branicki, Wojciech
and Kayser, Manfred
and Walsh, Susan",
title="The {HIrisPlex-S} system for eye, hair and skin colour prediction from {DNA}: Introduction and forensic developmental validation.",
journal="Forensic Science International. Genetics",
year="2018",
xxxmonth="Jul",
day="12",
volume="35",
pages="123--135",
keywords="Animals",
keywords="DNA",
keywords="Eye Color",
keywords="Forensic Genetics",
keywords="Genotyping Techniques",
keywords="Hair Color",
keywords="Humans",
keywords="Phenotype",
keywords="Polymerase Chain Reaction",
keywords="Polymorphism, Single Nucleotide",
keywords="Reproducibility of Results",
keywords="Skin Pigmentation",
keywords="Species Specificity",
abstract="Forensic DNA Phenotyping (FDP), i.e. the prediction of human externally visible traits from DNA, has become a fast growing subfield within forensic genetics due to the intelligence information it can provide from DNA traces. FDP outcomes can help focus police investigations in search of unknown perpetrators, who are generally unidentifiable with standard DNA profiling. Therefore, we previously developed and forensically validated the IrisPlex DNA test system for eye colour prediction and the HIrisPlex system for combined eye and hair colour prediction from DNA traces. Here we introduce and forensically validate the HIrisPlex-S DNA test system (S for skin) for the simultaneous prediction of eye, hair, and skin colour from trace DNA. This FDP system consists of two SNaPshot-based multiplex assays targeting a total of 41 SNPs via a novel multiplex assay for 17 skin colour predictive SNPs and the previous HIrisPlex assay for 24 eye and hair colour predictive SNPs, 19 of which also contribute to skin colour prediction. The HIrisPlex-S system further comprises three statistical prediction models, the previously developed IrisPlex model for eye colour prediction based on 6 SNPs, the previous HIrisPlex model for hair colour prediction based on 22 SNPs, and the recently introduced HIrisPlex-S model for skin colour prediction based on 36 SNPs. In the forensic developmental validation testing, the novel 17-plex assay performed in full agreement with the Scientific Working Group on DNA Analysis Methods (SWGDAM) guidelines, as previously shown for the 24-plex assay. Sensitivity testing of the 17-plex assay revealed complete {SNP} profiles from as little as 63?pg of input DNA, equalling the previously demonstrated sensitivity threshold of the 24-plex HIrisPlex assay. Testing of simulated forensic casework samples such as blood, semen, saliva stains, of inhibited DNA samples, of low quantity touch (trace) DNA samples, and of artificially degraded DNA samples as well as concordance testing, demonstrated the robustness, efficiency, and forensic suitability of the new 17-plex assay, as previously shown for the 24-plex assay. Finally, we provide an update to the publically available HIrisPlex website https://hirisplex.erasmusmc.nl/, now allowing the estimation of individual probabilities for 3 eye, 4 hair, and 5 skin colour categories from HIrisPlex-S input genotypes. The HIrisPlex-S DNA test represents the first forensically validated tool for skin colour prediction, and reflects the first forensically validated tool for simultaneous eye, hair and skin colour prediction from DNA.",
issn="1878-0326",
doi="10.1016/j.fsigen.2018.04.004",
url="http://www.ncbi.nlm.nih.gov/pubmed/29753263",
language="eng"
}

@Article{Sherry2001,
author="Sherry, S. T.
and Ward, M. H.
and Kholodov, M.
and Baker, J.
and Phan, L.
and Smigielski, E. M.
and Sirotkin, K.",
title="{dbSNP: the NCBI database of genetic variation.}",
journal="Nucleic Acids Research",
year="2001",
xxxmonth="Jan",
day="01",
volume="29",
number="1",
pages="308--311",
keywords="Animals",
keywords="Biotechnology",
keywords="Databases, Factual",
keywords="Genetic Variation",
keywords="Humans",
keywords="Information Services",
keywords="Internet",
keywords="National Institutes of Health (U.S.)",
keywords="National Library of Medicine (U.S.)",
keywords="Polymorphism, Single Nucleotide",
keywords="United States",
abstract="In response to a need for a general catalog of genome variation to address the large-scale sampling designs required by association studies, gene mapping and evolutionary biology, the National Center for Biotechnology Information (NCBI) has established the dbSNP database [S.T.Sherry, M.Ward and K. Sirotkin (1999) Genome Res., 9, 677-679]. Submissions to dbSNP will be integrated with other sources of information at NCBI such as GenBank, PubMed, LocusLink and the Human Genome Project data. The complete contents of dbSNP are available to the public at website: http://www.ncbi.nlm.nih.gov/SNP. The complete contents of dbSNP can also be downloaded in multiple formats via anonymous FTP at ftp://ncbi.nlm.nih.gov/snp/.",
issn="1362-4962",
doi="10.1093/nar/29.1.308",
url="http://www.ncbi.nlm.nih.gov/pubmed/11125122",
language="eng"
}

@Article{Bradbury2019,
author="Bradbury, Cedric
and K{\"o}ttgen, Anna
and Staubach, Fabian",
title="Off-target phenotypes in forensic {DNA} phenotyping and biogeographic ancestry inference: A resource.",
journal="Forensic Science International. Genetics",
year="2019",
xxxmonth="Jan",
day="15",
volume="38",
pages="93--104",
keywords="Genetic Markers",
keywords="Genetic Predisposition to Disease",
keywords="Humans",
keywords="Phenotype",
keywords="Polymorphism, Single Nucleotide",
abstract="With recent advances in DNA sequencing technologies it has become feasible and cost effective to genotype larger marker sets for forensic purposes. Two technologies that make use of the larger marker sets have come into focus in forensic research and applications; inference of biogeographic ancestry (BGA) and forensic DNA phenotyping (FDP). These methods hold the promise to reveal information about a yet unknown perpetrator from a DNA sample. In contrast, DNA-profiling, that is a standard practice in case work, relies on matching DNA-profiles between crime scene material and suspects on a database of DNA-profiles. Markers for DNA-profiling were developed under the premise to reveal as little additional information about the human source of the profile as possible, the rationale being that personal privacy rights have to be balanced against the public interest in solving a crime. The same argument holds for markers used in BGA and FDP; these markers might also reveal information on off-target phenotypes (OTPs), that go beyond BGA and the phenotypes targeted in FDP. In particular, health related OTPs might shift the balance between privacy protection and public interest. However, to our knowledge, there is currently no convenient resource available to incorporate knowledge on OTPs in BGA and FDP assay design and application. In order to provide such a resource, we performed a systematic search for OTPs associated with a comprehensive set of markers (1766 SNPs) used or suggested to be used for BGA inference and FDP. In this set, we identified a relatively small number of 27 SNPs (1.53\%) that convey information on diverse health related OTPs such as cancer risk, induced asthma, or risk of alcoholism. Some of these SNPs are commonly used for FDP and BGA across different marker sets. We conclude that the effects of {SNP} markers used in FDP and BGA on OTPs are currently limited, with few exceptions that should be considered in a balanced decision on assay design and application.",
issn="1878-0326",
doi="10.1016/j.fsigen.2018.10.010",
url="http://www.ncbi.nlm.nih.gov/pubmed/30391626",
language="eng"
}

@Article{Endo2018,
author="Endo, Chihiro
and Johnson, Todd A.
and Morino, Ryoko
and Nakazono, Kazuyuki
and Kamitsuji, Shigeo
and Akita, Masanori
and Kawajiri, Maiko
and Yamasaki, Tatsuya
and Kami, Azusa
and Hoshi, Yuria
and Tada, Asami
and Ishikawa, Kenichi
and Hine, Maaya
and Kobayashi, Miki
and Kurume, Nami
and Tsunemi, Yuichiro
and Kamatani, Naoyuki
and Kawashima, Makoto",
title="Genome-wide association study in Japanese females identifies fifteen novel skin-related trait associations.",
journal="Scientific Reports",
year="2018",
xxxmonth="Jun",
day="12",
volume="8",
number="1",
pages="8974",
abstract="Skin trait variation impacts quality-of-life, especially for females from the viewpoint of beauty. To investigate genetic variation related to these traits, we conducted a GWAS of various skin phenotypes in 11,311 Japanese women and identified associations for age-spots, freckles, double eyelids, straight/curly hair, eyebrow thickness, hairiness, and sweating. In silico annotation with RoadMap Epigenomics epigenetic state maps and colocalization analysis of GWAS and GTEx Project eQTL signals provided information about tissue specificity, candidate causal variants, and functional target genes. Novel signals for skin-spot traits neighboured AKAP1/MSI2 (rs17833789; P\thinspace=\thinspace2.2\thinspace{\texttimes}\thinspace10), BNC2 (rs10810635; P\thinspace=\thinspace2.1\thinspace{\texttimes}\thinspace10), HSPA12A (rs12259842; P\thinspace=\thinspace7.1\thinspace{\texttimes}\thinspace10), PPARGC1B (rs251468; P\thinspace=\thinspace1.3\thinspace{\texttimes}\thinspace10), and RAB11FIP2 (rs10444039; P\thinspace=\thinspace5.6\thinspace{\texttimes}\thinspace10). HSPA12A SNPs were the only protein-coding gene eQTLs identified across skin-spot loci. Double edged eyelid analysis identified that a signal around EMX2 (rs12570134; P\thinspace=\thinspace8.2\thinspace{\texttimes}\thinspace10) was also associated with expression of EMX2 and the antisense-RNA gene EMX2OS in brain putamen basal ganglia tissue. A known hair morphology signal in EDAR was associated with both eyebrow thickness (rs3827760; P\thinspace=\thinspace1.7\thinspace{\texttimes}\thinspace10) and straight/curly hair (rs260643; P\thinspace=\thinspace1.6\thinspace{\texttimes}\thinspace10). Excessive hairiness signals' top SNPs were also eQTLs for TBX15 (rs984225; P\thinspace=\thinspace1.6\thinspace{\texttimes}\thinspace10), BCL2 (rs7226979; P\thinspace=\thinspace7.3\thinspace{\texttimes}\thinspace10), and GCC2 and LIMS1 (rs6542772; P\thinspace=\thinspace2.2\thinspace{\texttimes}\thinspace10). For excessive sweating, top variants in two signals in chr2:28.82-29.05\thinspaceMb (rs56089836; P\thinspace=\thinspace1.7\thinspace{\texttimes}\thinspace10) were eQTLs for either PPP1CB or PLB1, while a top chr16:48.26-48.45\thinspaceMb locus {SNP} was a known ABCC11 missense variant (rs6500380; P\thinspace=\thinspace6.8\thinspace{\texttimes}\thinspace10). In total, we identified twelve loci containing sixteen association signals, of which fifteen were novel. These findings will help dermatologic researchers better understand the genetic underpinnings of skin-related phenotypic variation in human populations.",
issn="2045-2322",
doi="10.1038/s41598-018-27145-2",
url="http://www.ncbi.nlm.nih.gov/pubmed/29895819",
language="eng"
}

@Article{Hoeher2018,
author="H{\"o}her, Gabriela
and Fiegenbaum, Marilu
and Almeida, Silvana",
title="Molecular basis of the {Duffy} blood group system.",
journal="Blood Transfusion = Trasfusione del Sangue",
year="2018",
xxxmonth="Jan",
day="30",
volume="16",
number="1",
pages="93--100",
keywords="Alleles",
keywords="Chromosomes, Human, Pair 1",
keywords="Duffy Blood-Group System",
keywords="Gene Expression Regulation",
keywords="Homozygote",
keywords="Humans",
keywords="Point Mutation",
abstract="ACKR1, located on chromosome 1q23.2, is the gene that encodes a glycoprotein expressing the Duffy blood group antigens. This gene is transcribed in two mRNA variants yielding two isoforms, encoding proteins with 338 and 336 amino acids. This review provides a general overview of the Duffy blood group to characterise and elucidate the genetic basis of this system. The Fy and Fy antigens are encoded by co-dominant FY*A (FY*01) and FY*B (FY*02) alleles, which differ by c.125G>A (rs12075), defining the Fy(a+b-), Fy(a-b+) and Fy(a+b+) phenotypes. The Fy(a-b-) phenotype that occurs in Africans provides an explanation for the apparent absence of Plasmodium vivax in this region: this phenotype arises from homozygosity for the FY*B allele carrying a point mutation c.1-67T>C (rs2814778), which prevents Fy antigen expression only in red blood cells. The same mutation has also been found on the FY*A allele, but it is very rare. The Fy(a-b-) phenotype in Europeans and Asians arises from mutations in the coding region of the FY*A or FY*B allele, preventing Duffy antigen expression on any cell in the body and thus are true Duffy null phenotypes. According to the International Society for Blood Transfusion, ten alleles are associated with the null expression of the Fy antigens. Furthermore, different allelic forms of FY*B modify Fy antigen expression, which may result in very weak or equivocal serology results. The mostly common found variants, c.265C>T (rs34599082) and c.298G>A (rs13962) -previously defined in combination only with the FY*B allele - have already been observed in the FY*A allele. Thus, six alleles have been recognised and associated with weak expression of the Fy antigens. Considering the importance of the Duffy blood group system in clinical medicine, additional studies via molecular biology approaches must be performed to resolve and clarify the discrepant results that are present in the erythrocyte phenotyping.",
issn="2385-2070",
doi="10.2450/2017.0119-16",
url="http://www.ncbi.nlm.nih.gov/pubmed/28151395",
language="eng"
}

@misc{Murphy2006,
author = "K. Murphy",
title = "Naive {Bayes} classifiers",
howpublished = "Technical Report",
year = "2006",
note = "\url{https://datajobs.com/data-science-repo/Naive-Bayes-[Kevin-Murphy].pdf}"
}


@Article{Sampson2011,
author="Sampson, Joshua N.
and Kidd, Kenneth K.
and Kidd, Judith R.
and Zhao, Hongyu",
title="Selecting {SNPs} to identify ancestry.",
journal="Annals of Human Genetics",
year="2011",
xxxmonth="Jul",
volume="75",
number="4",
pages="539--553"
}

@Article{Rosenberg2005,
author="Rosenberg, Noah A.",
title="Algorithms for selecting informative marker panels for population assignment.",
journal="Journal of Computational Biology: A Journal of Computational Molecular Cell Biology",
year="2005",
volume="12",
number="9",
pages="1183--1201"
}

@Article{Zhang2010,
author="Zhang, Jun",
title="Ancestral informative marker selection and population structure visualization using sparse {Laplacian} eigenfunctions.",
journal="PloS one",
year="2010",
xxxmonth="Nov",
day="04",
volume="5",
number="11",
pages="e13734"
}

@Article{Paschou2007,
author="Paschou, Peristera
and Ziv, Elad
and Burchard, Esteban G.
and Choudhry, Shweta
and Rodriguez-Cintron, William
and Mahoney, Michael W.
and Drineas, Petros",
title="PCA-correlated SNPs for structure identification in worldwide human populations.",
journal="PLoS Genetics",
year="2007",
xxxmonth="Sep",
volume="3",
number="9",
pages="1672--1686"
}

@Article{Nievergelt2013,
author="Nievergelt, Caroline M.
and Maihofer, Adam X.
and Shekhtman, Tatyana
and Libiger, Ondrej
and Wang, Xudong
and Kidd, Kenneth K.
and Kidd, Judith R.",
title="Inference of human continental origin and admixture proportions using a highly discriminative ancestry informative 41-{SNP} panel.",
journal="Investigative Genetics",
year="2013",
volume="4",
number="1",
pages="13"
}


@Article{Auton2015,
author="{1000 Genomes Project Consortium}
and Auton, Adam
and Brooks, Lisa D.
and Durbin, Richard M.
and Garrison, Erik P.
and Kang, Hyun Min
and Korbel, Jan O.
and Marchini, Jonathan L.
and McCarthy, Shane
and McVean, Gil A.
and Abecasis, Gon{\c{c}}alo R.",
title="A global reference for human genetic variation.",
journal="Nature",
year="2015",
volume="526",
number="7571",
pages="68--74"
}

@Article{Gannett2014,
author="Gannett, Lisa",
title="Biogeographical ancestry and race.",
journal="Studies in History and Philosophy of Biological and Biomedical Sciences",
year="2014",
xxxmonth="Sep",
day="29",
volume="47 Part A",
pages="173--184"
}

@Article{Halder2012,
  author="Halder, Indrani and Kip, Kevin E. and Mulukutla, Suresh R. and Aiyer, Aryan N. and Marroquin, Oscar C. and Huggins, Gordon S. and Reis, Steven E.",
  title="Biogeographic ancestry, self-identified race, and admixture-phenotype associations in the {Heart SCORE Study}.",
  journal="American Journal of Epidemiology",
  year="2012",
  volume="176",
  number="2",
  pages="146--155"
}                                                                                                                          

@Article{Angrist2016,                                                           
author="Angrist, Misha",                                                        
title="Personal genomics: Where are we now?",                                   
journal="Applied \& Translational Genomics",                                    
year="2016",                                                                    
xxxmonth="Mar",                                                                    
day="01",                                                                       
volume="8",                                                                     
pages="1--3",                                                                   
issn="2212-0661",                                                               
doi="10.1016/j.atg.2016.01.010",                                                
url="http://www.ncbi.nlm.nih.gov/pubmed/27047752",                              
language="eng"                                                                  
}                                                                               

@Article{Elhaik2014,                                                            
author="Elhaik, Eran                                                            
and Tatarinova, Tatiana                                                         
and Chebotarev, Dmitri                                                          
and Piras, Ignazio S.                                                           
and Maria Cal{\`o}, Carla                                                       
and De Montis, Antonella                                                        
and Atzori, Manuela                                                             
and Marini, Monica                                                              
and Tofanelli, Sergio                                                           
and Francalacci, Paolo                                                          
and Pagani, Luca                                                                
and Tyler-Smith, Chris                                                          
and Xue, Yali                                                                   
and Cucca, Francesco                                                            
and Schurr, Theodore G.                                                         
and Gaieski, Jill B.                                                            
and Melendez, Carlalynne                                                        
and Vilar, Miguel G.                                                            
and Owings, Amanda C.                                                           
and G{\'o}mez, Roc{\'i}o
and Pagani, Luca                                                                
and Tyler-Smith, Chris                                                          
and Xue, Yali                                                                   
and Cucca, Francesco                                                            
and Schurr, Theodore G.                                                         
and Gaieski, Jill B.                                                            
and Melendez, Carlalynne                                                        
and Vilar, Miguel G.                                                            
and Owings, Amanda C.                                                           
and G{\'o}mez, Roc{\'i}o                                                        
and Fujita, Ricardo                                                             
and Santos, Fabr{\'i}cio R.                                                     
and Comas, David                                                                
and Balanovsky, Oleg                                                            
and Balanovska, Elena                                                           
and Zalloua, Pierre                                                             
and Soodyall, Himla                                                             
and Pitchappan, Ramasamy                                                        
and Ganeshprasad, Arunkumar                                                     
and Hammer, Michael                                                             
and Matisoo-Smith, Lisa
and Wells, R. Spencer                                                           
and {Genographic Consortium}",                                                  
title="Geographic population structure analysis of worldwide human populations 
infers their biogeographical origins.",                                         
journal="Nature Communications",                                                
year="2014",                                                                    
xxxmonth="Apr",                                                                    
day="29",                                                                       
volume="5",                                                                     
pages="3513"
}

@Article{Kelleher2016,
author="Kelleher, Jerome
and Etheridge, Alison M.
and McVean, Gilean",
title="Efficient Coalescent Simulation and Genealogical Analysis for Large Sample Sizes.",
journal="PLoS Computational Biology",
year="2016",
xxxmonth="May",
day="04",
volume="12",
number="5",
pages="e1004842"
}

@Article{Akey2004,
author="Akey, Joshua M.
and Eberle, Michael A.
and Rieder, Mark J.
and Carlson, Christopher S.
and Shriver, Mark D.
and Nickerson, Deborah A.
and Kruglyak, Leonid",
title="Population history and natural selection shape patterns of genetic variation in 132 genes.",
journal="PLoS Biology",
year="2004",
xxxmonth="Oct",
day="07",
volume="2",
number="10",
pages="e286"
}

@Article{Kidd2014,
author="Kidd, Kenneth K.
and Speed, William C.
and Pakstis, Andrew J.
and Furtado, Manohar R.
and Fang, Rixun
and Madbouly, Abeer
and Maiers, Martin
and Middha, Mridu
and Friedlaender, Fran{\c{c}}oise R.
and Kidd, Judith R.",
title="Progress toward an efficient panel of {SNPs} for ancestry inference.",
journal="Forensic Science International. Genetics",
year="2014",
xxxmonth="May",
day="15",
volume="10",
pages="23--32"
}

@Article{Santos2016,
author="Santos, Carla
and Phillips, Christopher
and Fondevila, Manuel
and Daniel, Runa
and van Oorschot, Roland A. H.
and Burchard, Esteban G.
and Schanfield, Moses S.
and Souto, Luis
and Uacyisrael, Jolame
and Via, Marc
and Carracedo, {\'A}ngel
and Lareu, Maria V.",
title="Pacifiplex: an ancestry-informative {SNP} panel centred on {Australia} and the {Pacific} region.",
journal="Forensic Science International. Genetics",
year="2016",
xxxmonth="Jan",
day="20",
volume="20",
pages="71--80"
}

@article{Kingman1982,
   author    = {Kingman, J.F.C.},
   title     = {The coalescent},
   journal   = {Stochastic Process. Appl.},
   year      = {1982},
   volume    = {13},
   number    = {3},
   pages     = {235--248},
}

@Article{Hudson1983,
  Author         = {Hudson, R.R.},
  Title          = {Properties of a neutral allele model with intragenic
                   recombination},
  Journal        = {Theo. Pop. Biol.},
  Volume         = {23},
  Pages          = {183-201},
  year           = 1983,
}

@Article{Hudson1992,
author="Hudson, R. R.
and Slatkin, M.
and Maddison, W. P.",
title="Estimation of levels of gene flow from {DNA} sequence data.",
journal="Genetics",
year="1992",
volume="132",
number="2",
pages="583--589"
}


@Article{Elhaik2012,
author="Elhaik, Eran",
title="Empirical distributions of {F(ST)} from large-scale human polymorphism data.",
journal="PloS one",
year="2012",
xxxmonth="Nov",
day="21",
volume="7",
number="11",
pages="e49837"
}

@Article{Jouganous2017,
author="Jouganous, Julien
and Long, Will
and Ragsdale, Aaron P.
and Gravel, Simon",
title="Inferring the Joint Demographic History of Multiple Populations: Beyond the Diffusion Approximation.",
journal="Genetics",
year="2017",
xxxmonth="Jul",
day="11",
volume="206",
number="3",
pages="1549--1567"
}

@Article{Yu2002,
author="Yu, Ning
and Chen, Feng-Chi
and Ota, Satoshi
and Jorde, Lynn B.
and Pamilo, Pekka
and Patthy, Laszlo
and Ramsay, Michele
and Jenkins, Trefor
and Shyue, Song-Kun
and Li, Wen-Hsiung",
title="Larger genetic differences within africans than between Africans and Eurasians.",
journal="Genetics",
year="2002",
xxxmonth="May",
volume="161",
number="1",
pages="269--274"
}

@Article{Schaffner2005,
author="Schaffner, Stephen F.
and Foo, Catherine
and Gabriel, Stacey
and Reich, David
and Daly, Mark J.
and Altshuler, David",
title="Calibrating a coalescent simulation of human genome sequence variation.",
journal="Genome Research",
year="2005",
xxxmonth="Nov",
volume="15",
number="11",
pages="1576--1583"
}

@Article{Schiffels2014,
author="Schiffels, Stephan
and Durbin, Richard",
title="Inferring human population size and separation history from multiple genome sequences.",
journal="Nature Genetics",
year="2014",
xxxmonth="Aug",
day="22",
volume="46",
number="8",
pages="919--925"
}

@Article{Gutenkunst2009,
author="Gutenkunst, Ryan N.
and Hernandez, Ryan D.
and Williamson, Scott H.
and Bustamante, Carlos D.",
title="Inferring the joint demographic history of multiple populations from multidimensional {SNP} frequency data.",
journal="PLoS Genetics",
year="2009",
xxxmonth="Oct",
day="23",
volume="5",
number="10",
pages="e1000695"
}

@Article{Fagundes2007,
author="Fagundes, Nelson J. R.
and Ray, Nicolas
and Beaumont, Mark
and Neuenschwander, Samuel
and Salzano, Francisco M.
and Bonatto, Sandro L.
and Excoffier, Laurent",
title="Statistical evaluation of alternative models of human evolution.",
journal="Proceedings of the National Academy of Sciences of the United States of America",
year="2007",
xxxmonth="Nov",
day="06",
volume="104",
number="45",
pages="17614--17619"
}



@Article{Brenner1998,
author="Brenner, C. H.",
title="Difficulties in the estimation of ethnic affiliation.",
journal="American Journal of Human Genetics",
year="1998",
xxxmonth="Jun",
volume="62",
number="6",
pages="1558--1560"
}

@Article{Shriver1997,
author="Shriver, M. D.
and Smith, M. W.
and Jin, L.
and Marcini, A.
and Akey, J. M.
and Deka, R.
and Ferrell, R. E.",
title="Ethnic-affiliation estimation by use of population-specific {DNA} markers.",
journal="American Journal of Human Genetics",
year="1997",
xxxmonth="Apr",
volume="60",
number="4",
pages="957--964"
}

@Article{Frudakis2003,
author="Frudakis, Tony
and Venkateswarlu, K.
and Thomas, Matthew J.
and Gaskin, Zach
and Ginjupalli, Siva
and Gunturi, Sitarama
and Ponnuswamy, Viswanathan
and Natarajan, Sivamiani
and Nachimuthu, Ponnuswamy Kolathupalayam",
title="A classifier for the SNP-based inference of ancestry.",
journal="Journal of Forensic Sciences",
year="2003",
xxxmonth="Jul",
volume="48",
number="4",
pages="771--782"
}

@Article{Fondevila2013,
author="Fondevila, M.
and Phillips, C.
and Santos, C.
and Freire Aradas, A.
and Vallone, P. M.
and Butler, J. M.
and Lareu, M. V.
and Carracedo, A.",
title="Revision of the {SNPforID} 34-plex forensic ancestry test: Assay enhancements, standard reference sample genotypes and extended population studies.",
journal="Forensic Science International. Genetics",
year="2013",
xxxmonth="Jan",
day="29",
volume="7",
number="1",
pages="63--74"
}

@Article{Jia2014,
author="Jia, Jing
and Wei, Yi-Liang
and Qin, Cui-Jiao
and Hu, Lan
and Wan, Li-Hua
and Li, Cai-Xia",
title="Developing a novel panel of genome-wide ancestry informative markers for bio-geographical ancestry estimates.",
journal="Forensic Science International. Genetics",
year="2014",
xxxmonth="Jan",
day="18",
volume="8",
number="1",
pages="187--194"
}

@Article{Seldin2006,
author="Seldin, Michael F.
and Shigeta, Russell
and Villoslada, Pablo
and Selmi, Carlo
and Tuomilehto, Jaakko
and Silva, Gabriel
and Belmont, John W.
and Klareskog, Lars
and Gregersen, Peter K.",
title="European population substructure: clustering of northern and southern populations.",
journal="PLoS Genetics",
year="2006",
xxxmonth="Sep",
day="15",
volume="2",
number="9",
pages="e143"
}

@Article{McNevinSantos2013,
author="D. McNevin 
and C. Santos 
and A. Gómez-Tato 
and J. Álvarez-Dios 
and M. Casares de Cal 
and R. Daniel 
and C. Phillips 
and M.V. Lareu",
title="An assessment of {Bayesian} and multinomial logistic regression
classification systems to analyse admixed individuals",
journal = "Forensic Science International: Genetics Supplement Series",
year="2013",
volume="4",
pages="e63--e64"
}


@Article{Nassir2009,
author="Nassir, Rami
and Kosoy, Roman
and Tian, Chao
and White, Phoebe A.
and Butler, Lesley M.
and Silva, Gabriel
and Kittles, Rick
and Alarcon-Riquelme, Marta E.
and Gregersen, Peter K.
and Belmont, John W.
and De La Vega, Francisco M.
and Seldin, Michael F.",
title="An ancestry informative marker set for determining continental origin: validation and extension using human genome diversity panels.",
journal="BMC Genetics",
year="2009",
xxxmonth="Jul",
day="24",
volume="10",
pages="39"
}

@Article{DanielEtAl2009,
author="Runa Daniel and Juan J. Sanchez and Najah T. Nassif and Alexis Hernandez and Simon J. Walsh",
title="Partial forensic validation of a 16plex {SNP} assay for the inference of
biogeographical ancestry",
journal = "Forensic Science International: Genetics Supplement Series",
year="2009",
volume="2",
pages="477--478"
}

@incollection {Phillips2016,
    AUTHOR = {Chris Phillips and Carla Santos and Manuel Fondevila and Ángel Carracedo and Maria Victoria Lareu},
     TITLE = {{Inference of Ancestry in Forensic Analysis I: Autosomal Ancestry-Informative Marker Sets}},
 BOOKTITLE = {Forensic {DNA} Typing Protocols},
    SERIES = {Methods in Molecular Biology},
    VOLUME = 1420,
     PAGES = {233--253},
 PUBLISHER = {Springer, New York},
      YEAR = 2016
}

@Article{Rosenberg2003,
author="Rosenberg, Noah A.
and Li, Lei M.
and Ward, Ryk
and Pritchard, Jonathan K.",
title="Informativeness of genetic markers for inference of ancestry.",
journal="American Journal of Human Genetics",
year="2003",
xxxmonth="Dec",
day="20",
volume="73",
number="6",
pages="1402--1422"
}

@Article{delaPuente2016,
author="de la Puente, M.
and Santos, C.
and Fondevila, M.
and Manzo, L.
and {EUROFORGEN-NoE Consortium}
and Carracedo, {\'A}
and Lareu, M. V.
and Phillips, C.",
title="{The Global AIMs Nano set: A 31-plex SNaPshot assay of ancestry-informative SNPs.}",
journal="Forensic Science International. Genetics",
year="2016",
xxxmonth="May",
day="25",
volume="22",
pages="81--88"
}

@Article{Phillips2014,
author="Phillips, C.
and Parson, W.
and Lundsberg, B.
and Santos, C.
and Freire-Aradas, A.
and Torres, M.
and Eduardoff, M.
and B{\o}rsting, C.
and Johansen, P.
and Fondevila, M.
and Morling, N.
and Schneider, P.
and {EUROFORGEN-NoE Consortium}
and Carracedo, A.
and Lareu, M. V.",
title="{Building a forensic ancestry panel from the ground up: The EUROFORGEN Global AIM-SNP set.}",
journal="Forensic Science International. Genetics",
year="2014",
xxxmonth="Jul",
day="25",
volume="11",
pages="13--25"
}

@Article{AlAsfi2018,
author="Al-Asfi, Muna
and McNevin, Dennis
and Mehta, Bhavik
and Power, Daniel
and Gahan, Michelle E.
and Daniel, Runa",
title="Assessment of the Precision ID Ancestry panel.",
journal="International Journal of Legal Medicine",
year="2018",
volume = "132",
number = "6",
pages = "1581--1594"
}

@Article{Kosoy2009,
author="Kosoy, Roman
and Nassir, Rami
and Tian, Chao
and White, Phoebe A.
and Butler, Lesley M.
and Silva, Gabriel
and Kittles, Rick
and Alarcon-Riquelme, Marta E.
and Gregersen, Peter K.
and Belmont, John W.
and De La Vega, Francisco M.
and Seldin, Michael F.",
title="Ancestry informative marker sets for determining continental origin and admixture proportions in common populations in America.",
journal="Human Mutation",
year="2009",
xxxmonth="Jan",
volume="30",
number="1",
pages="69--78"
}

@Article{Sanchez2006,
author="Sanchez, Juan J.
and Phillips, Chris
and B{\o}rsting, Claus
and Balogh, Kinga
and Bogus, Magdalena
and Fondevila, Manuel
and Harrison, Cheryl D.
and Musgrave-Brown, Esther
and Salas, Antonio
and Syndercombe-Court, Denise
and Schneider, Peter M.
and Carracedo, Angel
and Morling, Niels",
title="A multiplex assay with 52 single nucleotide polymorphisms for human identification.",
journal="Electrophoresis",
year="2006",
xxxmonth="May",
volume="27",
number="9",
pages="1713--1724",
}

@Article{HolsingerWeir2009,
   Author="K. E. Holsinger and B. S. Weir",
   Title="{Genetics in geographically structured populations: defining, estimating and interpreting $F_{ST}$}",
   Journal="Nat Rev Genet.",
   Year="2009",
   Volume="10",
   Pages="639--650"
}

@article{Fink1995,
   Author="D. Fink",
   Title="{A compendium of conjugate priors in progress report: Extension and enhancement of methods for setting data
quality objectives}",
   Journal="Tech. Rep., Montana State University",
   Year="1995",
   Volume="",
   Pages=""
}

@book{tib,
   title = "The Elements of Statistical Learning",
   author = "T. Hastie and R. Tibshirani and J. Friedman",
   publisher = "Springer",
   edition = "2nd",
   year = 2008
}

@Article{Hudson2000,
   Author="R. R. Hudson",
   Title="{Generating samples under a {W}right-{F}isher neutral model of genetic variation}",
   Journal="Bioinformatics",
   Year="2002",
   Volume="18",
   Pages="337--338"
}

@Article{Pritchard2000,
   Author="J. Pritchard and M. Stephens and P. Donnelly",
   Title="{Inference of population structure using multilocus genotype data}",
   Journal="Genetics",
   Year="2000",
   Volume="155",
   Pages="945--954"
}

@Article{Snipper2007,
   Author="C. Phillips and A. Salas and J. J. Sánchez and M. Fondevila and A. Gómez-Tato and J. Álvarez-Dios and M. Calaza and M. Casares de Cal and D. Ballard and M. V. Lareu and A.. Carracedo and {The SNPforID Consortium}",
   Title="{Inferring ancestral origin using a single multiplex assay of ancestry-informative marker SNPs}",
   Journal="Forensic Science International. Genetics",
   Year="2007",
   Volume="1",
   Pages="273--280"
}

@Article{McNevin2013,
   Author="D. McNevin and C. Santos and A. Gómez-Tato and J. Alvarez-Dios and M. Cesares de Cal and R. Daniel and C. Philipps and M. V. Lareu",
   Title="{An assessment of {Bayesian} and multinomial logistic regression classification systems to analyse admixed individuals}",
   Journal="Forensic Science International. Genetics",
   Year="2013",
   Volume="4",
   Pages="e63--e64"
}

@Article{Philipps2015,
   Author="C. Phillips",
   Title="{Forensic genetic analysis of bio-geographical ancestry}",
   Journal="Forensic Science International. Genetics",
   Year="2015",
   Volume="18",
   Pages="49--65"
}

@Article{Philipps2016,
   Author="C. Santos 
   and C. Phillips 
   and A. Gomez-Tato 
   and J. Alvarez-Dios 
   and A. Carracedo 
   and M. V. Lareu",
   Title="Inference of Ancestry in Forensic Analysis {II}: Analysis of Genetic Data",
   Journal="Methods Mol. Biol.",
   Year="2016",
   Volume="1420",
   Pages="255--285"
}

@Article{HolsingerWeir2009,
   Author="K. E. Holsinger and B. S. Weir",
   Title="{Genetics in geographically structured populations: defining, estimating and interpreting $F_{ST}$}",
   Journal="Nat Rev Genet.",
   Year="2009",
   Volume="10",
   Pages="639--650"
}

@Article{Hudson2000,
   Author="R. R. Hudson",
   Title="{Generating samples under a {W}right-{F}isher neutral model of genetic variation}",
   Journal="Bioinformatics",
   Year="2002",
   Volume="18",
   Pages="337--338"
}

@Article{McNevin2013,
   Author="D. McNevin and C. Santos and A. Gómez-Tato and J. Alvarez-Dios and M. Cesares de Cal and R. Daniel and C. Philipps and M. V. Lareu",
   Title="{An assessment of {Bayesian} and multinomial logistic regression classification systems to analyse admixed individuals}",
   Journal="Forensic Science International. Genetics",
   Year="2013",
   Volume="4",
   Pages="e63--e64"
}

@Article{Cheung2017,
   Author="E. Y. Y. Cheung and M. E. Gahan and D. McNevin",
   Title="{Prediction of biogeographical ancestry from genotype: a comparison of classifiers}",
   Journal="International Journal of Legal Medicine",
   Year="2017",
   Volume="131",
   Pages="901--912"
}

@Article{LEA2015,
   Author="E. Frichot and O. Francois",
   Title="{LEA: An R package for landscape and ecological association studies}",
   Journal="Methods in Ecology and Evolution",
   Year="2015",
   Volume="6",
   Pages="925--929"
}

